<record><leader>00000cas a2200000 a 4500</leader><controlfield tag="001">17274611</controlfield><controlfield tag="008">871221d18uu1891kyuwr ne      0    0eng d</controlfield><datafield ind1=" " ind2=" " tag="010"><subfield code="a">sn 87060400 </subfield></datafield><datafield ind1=" " ind2=" " tag="040"><subfield code="a">KNP</subfield><subfield code="b">eng</subfield><subfield code="c">KNP</subfield><subfield code="d">OCL</subfield><subfield code="d">OCLCQ</subfield><subfield code="d">OCLCF</subfield><subfield code="d">OCLCO</subfield></datafield><datafield ind1=" " ind2=" " tag="042"><subfield code="a">msc</subfield></datafield><datafield ind1=" " ind2=" " tag="043"><subfield code="a">n-us-ky</subfield></datafield><datafield ind1="0" ind2=" " tag="130"><subfield code="a">Glasgow news (Glasgow, Ky.)</subfield></datafield><datafield ind1="1" ind2="4" tag="245"><subfield code="a">The Glasgow news.</subfield></datafield><datafield ind1=" " ind2=" " tag="260"><subfield code="a">Glasgow, Ky. :</subfield><subfield code="b">W.S. Page,</subfield><subfield code="c">-1891.</subfield></datafield><datafield ind1=" " ind2=" " tag="300"><subfield code="a">v. :</subfield><subfield code="b">ill.</subfield></datafield><datafield ind1=" " ind2=" " tag="310"><subfield code="a">Weekly</subfield></datafield><datafield ind1="0" ind2=" " tag="362"><subfield code="a">-v. 6, no. 49 (Mar. 13, 1891).</subfield></datafield><datafield ind1=" " ind2=" " tag="588"><subfield code="a">Description based on: Vol. 6, no. 45 (Feb. 13, 1891).</subfield></datafield><datafield ind1=" " ind2="0" tag="651"><subfield code="a">Barren County (Ky.)</subfield><subfield code="v">Newspapers.</subfield></datafield><datafield ind1=" " ind2="0" tag="651"><subfield code="a">Glasgow (Ky.)</subfield><subfield code="v">Newspapers.</subfield></datafield><datafield ind1=" " ind2="7" tag="655"><subfield code="a">Newspapers.</subfield><subfield code="2">fast</subfield><subfield code="0">(OCoLC)fst01423814</subfield></datafield><datafield ind1=" " ind2="7" tag="651"><subfield code="a">Kentucky</subfield><subfield code="z">Barren County.</subfield><subfield code="2">fast</subfield><subfield code="0">(OCoLC)fst01211111</subfield></datafield><datafield ind1=" " ind2="7" tag="651"><subfield code="a">Kentucky</subfield><subfield code="z">Glasgow.</subfield><subfield code="2">fast</subfield><subfield code="0">(OCoLC)fst01218676</subfield></datafield><datafield ind1=" " ind2=" " tag="752"><subfield code="a">United States</subfield><subfield code="b">Kentucky</subfield><subfield code="c">Barren</subfield><subfield code="d">Glasgow.</subfield></datafield><datafield ind1="0" ind2="0" tag="780"><subfield code="t">News (Glasgow, Ky. : 1886)</subfield><subfield code="w">(DLC)sn 87060399</subfield></datafield><datafield ind1="0" ind2="0" tag="785"><subfield code="t">Glasgow weekly news</subfield><subfield code="w">(DLC)sn 87060401</subfield></datafield></record>